<record><leader>00000cas a22000007a 4500</leader><controlfield tag="001">22294155</controlfield><controlfield tag="008">900829c19uu9999couwr ne      0    0eng d</controlfield><datafield ind1=" " ind2=" " tag="010"><subfield code="a">sn 90051585 </subfield></datafield><datafield ind1=" " ind2=" " tag="040"><subfield code="a">CNQ</subfield><subfield code="b">eng</subfield><subfield code="c">CNQ</subfield><subfield code="d">OCLCQ</subfield></datafield><datafield ind1=" " ind2=" " tag="042"><subfield code="a">msc</subfield></datafield><datafield ind1="0" ind2="4" tag="245"><subfield code="a">The Fruita times.</subfield></datafield><datafield ind1=" " ind2=" " tag="260"><subfield code="a">Fruita, Colo. :</subfield><subfield code="b">Ira M. Frantz</subfield></datafield><datafield ind1=" " ind2=" " tag="300"><subfield code="a">v.</subfield></datafield><datafield ind1=" " ind2=" " tag="310"><subfield code="a">Weekly</subfield></datafield><datafield ind1=" " ind2=" " tag="500"><subfield code="a">Suspended publication: &lt;Sept. 1942&gt;-Sept. 15, 1945.</subfield></datafield><datafield ind1=" " ind2=" " tag="530"><subfield code="a">Available on microfilm from the Colorado Historical Society.</subfield></datafield><datafield ind1=" " ind2=" " tag="580"><subfield code="a">Published with: Mesa County mail (Fruita, Colo. : 1978), May 4-Sept. 7, 1978, and Nov. 16, 1978-Sept. 6, 1979.</subfield></datafield><datafield ind1=" " ind2=" " tag="588"><subfield code="a">Description based on: Vol. 37, no. 1 (Dec. 5, 1929).</subfield></datafield><datafield ind1=" " ind2=" " tag="752"><subfield code="a">United States</subfield><subfield code="b">Colorado</subfield><subfield code="c">Mesa</subfield><subfield code="d">Fruita.</subfield></datafield><datafield ind1="1" ind2=" " tag="777"><subfield code="t">Mesa County mail (Fruita, Colo. : 1978)</subfield><subfield code="w">(DLC)sn 91052438</subfield></datafield><datafield ind1="0" ind2="0" tag="780"><subfield code="t">Mesa County mail</subfield><subfield code="w">(DLC)sn 85058257</subfield></datafield></record>